<?xml version="1.0" encoding="UTF-8"?><record xmlns="http://www.loc.gov/MARC21/slim" xmlns:cinclude="http://apache.org/cocoon/include/1.0" xmlns:zs="http://www.loc.gov/zing/srw/">
  <leader>01208cz  a2200229n  4500</leader>
  <controlfield tag="001">n  85354659 </controlfield>
  <controlfield tag="003">DLC</controlfield>
  <controlfield tag="005">20140124144657.0</controlfield>
  <controlfield tag="008">860508n| azannaabn          |b aaa      </controlfield>
  <datafield tag="010" ind1=" " ind2=" ">
    <subfield code="a">n  85354659 </subfield>
  </datafield>
  <datafield tag="035" ind1=" " ind2=" ">
    <subfield code="a">(OCoLC)oca01613921</subfield>
  </datafield>
  <datafield tag="040" ind1=" " ind2=" ">
    <subfield code="a">DLC</subfield>
    <subfield code="b">eng</subfield>
    <subfield code="e">rda</subfield>
    <subfield code="c">DLC</subfield>
    <subfield code="d">DLC</subfield>
    <subfield code="d">ViU</subfield>
    <subfield code="d">InU</subfield>
    <subfield code="d">DLC</subfield>
  </datafield>
  <datafield tag="100" ind1="1" ind2=" ">
    <subfield code="a">Shubin, V. G.</subfield>
    <subfield code="q">(Vladimir Gennadʹevich)</subfield>
  </datafield>
  <datafield tag="400" ind1="1" ind2=" ">
    <subfield code="a">Шубин, В. Г.</subfield>
    <subfield code="q">(Владимир Геннадьевич)</subfield>
  </datafield>
  <datafield tag="400" ind1="1" ind2=" ">
    <subfield code="a">Shubin, Vladimir Gennadʹevich</subfield>
  </datafield>
  <datafield tag="400" ind1="1" ind2=" ">
    <subfield code="a">Шубин, Владимир Геннадьевич</subfield>
  </datafield>
  <datafield tag="400" ind1="1" ind2=" ">
    <subfield code="a">Shubin, Vladimir</subfield>
    <subfield code="q">(Vladimir Gennadʹevich)</subfield>
  </datafield>
  <datafield tag="400" ind1="1" ind2=" ">
    <subfield code="a">Шубин, Владимир</subfield>
    <subfield code="q">(Владимир Геннадьевич)</subfield>
  </datafield>
  <datafield tag="667" ind1=" " ind2=" ">
    <subfield code="a">Non-Latin script reference not evaluated.</subfield>
  </datafield>
  <datafield tag="670" ind1=" " ind2=" ">
    <subfield code="a">Sot︠s︡ial-demokratii︠a︡ i borʹba protiv kolonializma i aparteida, 1985:</subfield>
    <subfield code="b">t.p. (V. G. Shubin) colophon (Vladimir Gennadʹevich Shubin)</subfield>
  </datafield>
  <datafield tag="670" ind1=" " ind2=" ">
    <subfield code="a">I︠U︡zhnai︠a︡ Afrika na poroge tretʹego tysi︠a︡cheletii︠a︡, 2002:</subfield>
    <subfield code="b">p. 5 (k.i.n. V.G. Shubin)</subfield>
  </datafield>
  <datafield tag="670" ind1=" " ind2=" ">
    <subfield code="a">The hot "Cold War" : the USSR in Southern Africa, 2008:</subfield>
    <subfield code="b">t.p. (Vladimir Shubin) p. 4 of cover (Vladimir Shubin, deputy dir., Institute for African Studies, Russian Academy of Sciences)</subfield>
  </datafield>
</record>